<?xml version="1.0" encoding="UTF-8"?><collection xmlns="http://www.loc.gov/MARC21/slim"><record><leader>00561nam--2200181-i-4500</leader><controlfield tag="001">000012427</controlfield><controlfield tag="002">20161230</controlfield><controlfield tag="005">20161230201029</controlfield><controlfield tag="008">060222s1000------------r-----000-0-eng-d</controlfield><datafield ind1=" " ind2=" " tag="020"><subfield code="a">0444419071</subfield></datafield><datafield ind1=" " ind2=" " tag="040"><subfield code="a">IFIN-HH</subfield></datafield><datafield ind1=" " ind2=" " tag="080"><subfield code="a">535.853:681.785.5</subfield></datafield><datafield ind1="1" ind2=" " tag="100"><subfield code="a">Martin, A.E</subfield></datafield><datafield ind1="1" ind2="0" tag="245"><subfield code="a">Vibrational spectra and structure</subfield><subfield code="b">A series of advances. volume 8. infrared interferometric spectrometers</subfield><subfield code="c">A.e. martin</subfield></datafield><datafield ind1=" " ind2=" " tag="260"><subfield code="a">NEW YORK</subfield><subfield code="b">Elsevier Scientific Publishing Company</subfield><subfield code="c">1980</subfield></datafield><datafield ind1=" " ind2=" " tag="300"><subfield code="a">XIV+292P</subfield></datafield><datafield ind1=" " ind2=" " tag="852"><subfield code="a">45422</subfield><subfield code="c">535.33</subfield></datafield><datafield ind1=" " ind2=" " tag="CAT"><subfield code="a">Sys</subfield><subfield code="c">20101213</subfield><subfield code="h">161003</subfield></datafield></record></collection>